%YAML 1.1
%TAG !u! tag:unity3d.com,2011:
--- !u!1 &3655329746220333374
GameObject:
  m_ObjectHideFlags: 0
  m_CorrespondingSourceObject: {fileID: 0}
  m_PrefabInstance: {fileID: 0}
  m_PrefabAsset: {fileID: 0}
  serializedVersion: 6
  m_Component:
  - component: {fileID: 3655329746220333313}
  - component: {fileID: 3655329746220333312}
  - component: {fileID: 3655329746220333375}
  m_Layer: 0
  m_Name: Platform7
  m_TagString: Untagged
  m_Icon: {fileID: 0}
  m_NavMeshLayer: 0
  m_StaticEditorFlags: 0
  m_IsActive: 1
--- !u!4 &3655329746220333313
Transform:
  m_ObjectHideFlags: 0
  m_CorrespondingSourceObject: {fileID: 0}
  m_PrefabInstance: {fileID: 0}
  m_PrefabAsset: {fileID: 0}
  m_GameObject: {fileID: 3655329746220333374}
  m_LocalRotation: {x: 0, y: 0, z: 0, w: 1}
  m_LocalPosition: {x: 0, y: 0, z: 0}
  m_LocalScale: {x: 1, y: 1, z: 1}
  m_Children:
  - {fileID: 1049735296255894489}
  - {fileID: 3093677123549618274}
  - {fileID: 6310927043067888801}
  - {fileID: 4136096290455621866}
  - {fileID: 6827069100430012240}
  m_Father: {fileID: 0}
  m_RootOrder: 0
  m_LocalEulerAnglesHint: {x: 0, y: 0, z: 0}
--- !u!50 &3655329746220333312
Rigidbody2D:
  serializedVersion: 4
  m_ObjectHideFlags: 0
  m_CorrespondingSourceObject: {fileID: 0}
  m_PrefabInstance: {fileID: 0}
  m_PrefabAsset: {fileID: 0}
  m_GameObject: {fileID: 3655329746220333374}
  m_BodyType: 1
  m_Simulated: 1
  m_UseFullKinematicContacts: 0
  m_UseAutoMass: 0
  m_Mass: 1
  m_LinearDrag: 0
  m_AngularDrag: 0.05
  m_GravityScale: 1
  m_Material: {fileID: 0}
  m_Interpolate: 0
  m_SleepingMode: 1
  m_CollisionDetection: 0
  m_Constraints: 0
--- !u!114 &3655329746220333375
MonoBehaviour:
  m_ObjectHideFlags: 0
  m_CorrespondingSourceObject: {fileID: 0}
  m_PrefabInstance: {fileID: 0}
  m_PrefabAsset: {fileID: 0}
  m_GameObject: {fileID: 3655329746220333374}
  m_Enabled: 1
  m_EditorHideFlags: 0
  m_Script: {fileID: 11500000, guid: e68b763d7ba0548c39764019e5de5a60, type: 3}
  m_Name: 
  m_EditorClassIdentifier: 
  sceneMovement: -2.5
  player: {fileID: 4628316568426851698, guid: cd608a1a2cbec4470859acb12fe87bb1, type: 3}
--- !u!1001 &3313375899535720302
PrefabInstance:
  m_ObjectHideFlags: 0
  serializedVersion: 2
  m_Modification:
    m_TransformParent: {fileID: 3655329746220333313}
    m_Modifications:
    - target: {fileID: 4512898937659203936, guid: 0896f2b9e0ca943be8ff332a9786989b,
        type: 3}
      propertyPath: m_Name
      value: Stone
      objectReference: {fileID: 0}
    - target: {fileID: 510467105381408524, guid: 0896f2b9e0ca943be8ff332a9786989b,
        type: 3}
      propertyPath: m_LocalPosition.x
      value: 0.54
      objectReference: {fileID: 0}
    - target: {fileID: 510467105381408524, guid: 0896f2b9e0ca943be8ff332a9786989b,
        type: 3}
      propertyPath: m_LocalPosition.y
      value: -3.17
      objectReference: {fileID: 0}
    - target: {fileID: 510467105381408524, guid: 0896f2b9e0ca943be8ff332a9786989b,
        type: 3}
      propertyPath: m_LocalPosition.z
      value: 0
      objectReference: {fileID: 0}
    - target: {fileID: 510467105381408524, guid: 0896f2b9e0ca943be8ff332a9786989b,
        type: 3}
      propertyPath: m_LocalRotation.x
      value: 0
      objectReference: {fileID: 0}
    - target: {fileID: 510467105381408524, guid: 0896f2b9e0ca943be8ff332a9786989b,
        type: 3}
      propertyPath: m_LocalRotation.y
      value: 0
      objectReference: {fileID: 0}
    - target: {fileID: 510467105381408524, guid: 0896f2b9e0ca943be8ff332a9786989b,
        type: 3}
      propertyPath: m_LocalRotation.z
      value: 0
      objectReference: {fileID: 0}
    - target: {fileID: 510467105381408524, guid: 0896f2b9e0ca943be8ff332a9786989b,
        type: 3}
      propertyPath: m_LocalRotation.w
      value: 1
      objectReference: {fileID: 0}
    - target: {fileID: 510467105381408524, guid: 0896f2b9e0ca943be8ff332a9786989b,
        type: 3}
      propertyPath: m_RootOrder
      value: 1
      objectReference: {fileID: 0}
    - target: {fileID: 510467105381408524, guid: 0896f2b9e0ca943be8ff332a9786989b,
        type: 3}
      propertyPath: m_LocalEulerAnglesHint.x
      value: 0
      objectReference: {fileID: 0}
    - target: {fileID: 510467105381408524, guid: 0896f2b9e0ca943be8ff332a9786989b,
        type: 3}
      propertyPath: m_LocalEulerAnglesHint.y
      value: 0
      objectReference: {fileID: 0}
    - target: {fileID: 510467105381408524, guid: 0896f2b9e0ca943be8ff332a9786989b,
        type: 3}
      propertyPath: m_LocalEulerAnglesHint.z
      value: 0
      objectReference: {fileID: 0}
    m_RemovedComponents: []
  m_SourcePrefab: {fileID: 100100000, guid: 0896f2b9e0ca943be8ff332a9786989b, type: 3}
--- !u!4 &3093677123549618274 stripped
Transform:
  m_CorrespondingSourceObject: {fileID: 510467105381408524, guid: 0896f2b9e0ca943be8ff332a9786989b,
    type: 3}
  m_PrefabInstance: {fileID: 3313375899535720302}
  m_PrefabAsset: {fileID: 0}
--- !u!1001 &4500176337388752870
PrefabInstance:
  m_ObjectHideFlags: 0
  serializedVersion: 2
  m_Modification:
    m_TransformParent: {fileID: 3655329746220333313}
    m_Modifications:
    - target: {fileID: 4512898937659203936, guid: 0896f2b9e0ca943be8ff332a9786989b,
        type: 3}
      propertyPath: m_Name
      value: Stone (4)
      objectReference: {fileID: 0}
    - target: {fileID: 510467105381408524, guid: 0896f2b9e0ca943be8ff332a9786989b,
        type: 3}
      propertyPath: m_LocalPosition.x
      value: 5.75
      objectReference: {fileID: 0}
    - target: {fileID: 510467105381408524, guid: 0896f2b9e0ca943be8ff332a9786989b,
        type: 3}
      propertyPath: m_LocalPosition.y
      value: -1.93
      objectReference: {fileID: 0}
    - target: {fileID: 510467105381408524, guid: 0896f2b9e0ca943be8ff332a9786989b,
        type: 3}
      propertyPath: m_LocalPosition.z
      value: 0
      objectReference: {fileID: 0}
    - target: {fileID: 510467105381408524, guid: 0896f2b9e0ca943be8ff332a9786989b,
        type: 3}
      propertyPath: m_LocalRotation.x
      value: 0
      objectReference: {fileID: 0}
    - target: {fileID: 510467105381408524, guid: 0896f2b9e0ca943be8ff332a9786989b,
        type: 3}
      propertyPath: m_LocalRotation.y
      value: 0
      objectReference: {fileID: 0}
    - target: {fileID: 510467105381408524, guid: 0896f2b9e0ca943be8ff332a9786989b,
        type: 3}
      propertyPath: m_LocalRotation.z
      value: 0
      objectReference: {fileID: 0}
    - target: {fileID: 510467105381408524, guid: 0896f2b9e0ca943be8ff332a9786989b,
        type: 3}
      propertyPath: m_LocalRotation.w
      value: 1
      objectReference: {fileID: 0}
    - target: {fileID: 510467105381408524, guid: 0896f2b9e0ca943be8ff332a9786989b,
        type: 3}
      propertyPath: m_RootOrder
      value: 3
      objectReference: {fileID: 0}
    - target: {fileID: 510467105381408524, guid: 0896f2b9e0ca943be8ff332a9786989b,
        type: 3}
      propertyPath: m_LocalEulerAnglesHint.x
      value: 0
      objectReference: {fileID: 0}
    - target: {fileID: 510467105381408524, guid: 0896f2b9e0ca943be8ff332a9786989b,
        type: 3}
      propertyPath: m_LocalEulerAnglesHint.y
      value: 0
      objectReference: {fileID: 0}
    - target: {fileID: 510467105381408524, guid: 0896f2b9e0ca943be8ff332a9786989b,
        type: 3}
      propertyPath: m_LocalEulerAnglesHint.z
      value: 0
      objectReference: {fileID: 0}
    m_RemovedComponents: []
  m_SourcePrefab: {fileID: 100100000, guid: 0896f2b9e0ca943be8ff332a9786989b, type: 3}
--- !u!4 &4136096290455621866 stripped
Transform:
  m_CorrespondingSourceObject: {fileID: 510467105381408524, guid: 0896f2b9e0ca943be8ff332a9786989b,
    type: 3}
  m_PrefabInstance: {fileID: 4500176337388752870}
  m_PrefabAsset: {fileID: 0}
--- !u!1001 &5801025090974915501
PrefabInstance:
  m_ObjectHideFlags: 0
  serializedVersion: 2
  m_Modification:
    m_TransformParent: {fileID: 3655329746220333313}
    m_Modifications:
    - target: {fileID: 4512898937659203936, guid: 0896f2b9e0ca943be8ff332a9786989b,
        type: 3}
      propertyPath: m_Name
      value: Stone (3)
      objectReference: {fileID: 0}
    - target: {fileID: 510467105381408524, guid: 0896f2b9e0ca943be8ff332a9786989b,
        type: 3}
      propertyPath: m_LocalPosition.x
      value: 3.16
      objectReference: {fileID: 0}
    - target: {fileID: 510467105381408524, guid: 0896f2b9e0ca943be8ff332a9786989b,
        type: 3}
      propertyPath: m_LocalPosition.y
      value: -1.93
      objectReference: {fileID: 0}
    - target: {fileID: 510467105381408524, guid: 0896f2b9e0ca943be8ff332a9786989b,
        type: 3}
      propertyPath: m_LocalPosition.z
      value: 0
      objectReference: {fileID: 0}
    - target: {fileID: 510467105381408524, guid: 0896f2b9e0ca943be8ff332a9786989b,
        type: 3}
      propertyPath: m_LocalRotation.x
      value: 0
      objectReference: {fileID: 0}
    - target: {fileID: 510467105381408524, guid: 0896f2b9e0ca943be8ff332a9786989b,
        type: 3}
      propertyPath: m_LocalRotation.y
      value: 0
      objectReference: {fileID: 0}
    - target: {fileID: 510467105381408524, guid: 0896f2b9e0ca943be8ff332a9786989b,
        type: 3}
      propertyPath: m_LocalRotation.z
      value: 0
      objectReference: {fileID: 0}
    - target: {fileID: 510467105381408524, guid: 0896f2b9e0ca943be8ff332a9786989b,
        type: 3}
      propertyPath: m_LocalRotation.w
      value: 1
      objectReference: {fileID: 0}
    - target: {fileID: 510467105381408524, guid: 0896f2b9e0ca943be8ff332a9786989b,
        type: 3}
      propertyPath: m_RootOrder
      value: 2
      objectReference: {fileID: 0}
    - target: {fileID: 510467105381408524, guid: 0896f2b9e0ca943be8ff332a9786989b,
        type: 3}
      propertyPath: m_LocalEulerAnglesHint.x
      value: 0
      objectReference: {fileID: 0}
    - target: {fileID: 510467105381408524, guid: 0896f2b9e0ca943be8ff332a9786989b,
        type: 3}
      propertyPath: m_LocalEulerAnglesHint.y
      value: 0
      objectReference: {fileID: 0}
    - target: {fileID: 510467105381408524, guid: 0896f2b9e0ca943be8ff332a9786989b,
        type: 3}
      propertyPath: m_LocalEulerAnglesHint.z
      value: 0
      objectReference: {fileID: 0}
    m_RemovedComponents: []
  m_SourcePrefab: {fileID: 100100000, guid: 0896f2b9e0ca943be8ff332a9786989b, type: 3}
--- !u!4 &6310927043067888801 stripped
Transform:
  m_CorrespondingSourceObject: {fileID: 510467105381408524, guid: 0896f2b9e0ca943be8ff332a9786989b,
    type: 3}
  m_PrefabInstance: {fileID: 5801025090974915501}
  m_PrefabAsset: {fileID: 0}
--- !u!1001 &7744658292569251358
PrefabInstance:
  m_ObjectHideFlags: 0
  serializedVersion: 2
  m_Modification:
    m_TransformParent: {fileID: 3655329746220333313}
    m_Modifications:
    - target: {fileID: 662960451359105406, guid: bb5699c581ac84a879e9378d04799c0d,
        type: 3}
      propertyPath: m_Name
      value: Diamond
      objectReference: {fileID: 0}
    - target: {fileID: 3874241936775885134, guid: bb5699c581ac84a879e9378d04799c0d,
        type: 3}
      propertyPath: m_LocalPosition.x
      value: 7.04
      objectReference: {fileID: 0}
    - target: {fileID: 3874241936775885134, guid: bb5699c581ac84a879e9378d04799c0d,
        type: 3}
      propertyPath: m_LocalPosition.y
      value: -0.69
      objectReference: {fileID: 0}
    - target: {fileID: 3874241936775885134, guid: bb5699c581ac84a879e9378d04799c0d,
        type: 3}
      propertyPath: m_LocalPosition.z
      value: 0
      objectReference: {fileID: 0}
    - target: {fileID: 3874241936775885134, guid: bb5699c581ac84a879e9378d04799c0d,
        type: 3}
      propertyPath: m_LocalRotation.x
      value: 0
      objectReference: {fileID: 0}
    - target: {fileID: 3874241936775885134, guid: bb5699c581ac84a879e9378d04799c0d,
        type: 3}
      propertyPath: m_LocalRotation.y
      value: 0
      objectReference: {fileID: 0}
    - target: {fileID: 3874241936775885134, guid: bb5699c581ac84a879e9378d04799c0d,
        type: 3}
      propertyPath: m_LocalRotation.z
      value: 0
      objectReference: {fileID: 0}
    - target: {fileID: 3874241936775885134, guid: bb5699c581ac84a879e9378d04799c0d,
        type: 3}
      propertyPath: m_LocalRotation.w
      value: 1
      objectReference: {fileID: 0}
    - target: {fileID: 3874241936775885134, guid: bb5699c581ac84a879e9378d04799c0d,
        type: 3}
      propertyPath: m_RootOrder
      value: 4
      objectReference: {fileID: 0}
    - target: {fileID: 3874241936775885134, guid: bb5699c581ac84a879e9378d04799c0d,
        type: 3}
      propertyPath: m_LocalEulerAnglesHint.x
      value: 0
      objectReference: {fileID: 0}
    - target: {fileID: 3874241936775885134, guid: bb5699c581ac84a879e9378d04799c0d,
        type: 3}
      propertyPath: m_LocalEulerAnglesHint.y
      value: 0
      objectReference: {fileID: 0}
    - target: {fileID: 3874241936775885134, guid: bb5699c581ac84a879e9378d04799c0d,
        type: 3}
      propertyPath: m_LocalEulerAnglesHint.z
      value: 0
      objectReference: {fileID: 0}
    m_RemovedComponents: []
  m_SourcePrefab: {fileID: 100100000, guid: bb5699c581ac84a879e9378d04799c0d, type: 3}
--- !u!4 &6827069100430012240 stripped
Transform:
  m_CorrespondingSourceObject: {fileID: 3874241936775885134, guid: bb5699c581ac84a879e9378d04799c0d,
    type: 3}
  m_PrefabInstance: {fileID: 7744658292569251358}
  m_PrefabAsset: {fileID: 0}
--- !u!1001 &8272881530698093041
PrefabInstance:
  m_ObjectHideFlags: 0
  serializedVersion: 2
  m_Modification:
    m_TransformParent: {fileID: 3655329746220333313}
    m_Modifications:
    - target: {fileID: 8961676566121935401, guid: d34ed150f3e1643d0ad9fb4055f3e639,
        type: 3}
      propertyPath: m_Name
      value: Floor7
      objectReference: {fileID: 0}
    - target: {fileID: 8961676566121935400, guid: d34ed150f3e1643d0ad9fb4055f3e639,
        type: 3}
      propertyPath: m_LocalPosition.x
      value: 0
      objectReference: {fileID: 0}
    - target: {fileID: 8961676566121935400, guid: d34ed150f3e1643d0ad9fb4055f3e639,
        type: 3}
      propertyPath: m_LocalPosition.y
      value: 0
      objectReference: {fileID: 0}
    - target: {fileID: 8961676566121935400, guid: d34ed150f3e1643d0ad9fb4055f3e639,
        type: 3}
      propertyPath: m_LocalPosition.z
      value: 0
      objectReference: {fileID: 0}
    - target: {fileID: 8961676566121935400, guid: d34ed150f3e1643d0ad9fb4055f3e639,
        type: 3}
      propertyPath: m_LocalRotation.x
      value: 0
      objectReference: {fileID: 0}
    - target: {fileID: 8961676566121935400, guid: d34ed150f3e1643d0ad9fb4055f3e639,
        type: 3}
      propertyPath: m_LocalRotation.y
      value: 0
      objectReference: {fileID: 0}
    - target: {fileID: 8961676566121935400, guid: d34ed150f3e1643d0ad9fb4055f3e639,
        type: 3}
      propertyPath: m_LocalRotation.z
      value: 0
      objectReference: {fileID: 0}
    - target: {fileID: 8961676566121935400, guid: d34ed150f3e1643d0ad9fb4055f3e639,
        type: 3}
      propertyPath: m_LocalRotation.w
      value: 1
      objectReference: {fileID: 0}
    - target: {fileID: 8961676566121935400, guid: d34ed150f3e1643d0ad9fb4055f3e639,
        type: 3}
      propertyPath: m_RootOrder
      value: 0
      objectReference: {fileID: 0}
    - target: {fileID: 8961676566121935400, guid: d34ed150f3e1643d0ad9fb4055f3e639,
        type: 3}
      propertyPath: m_LocalEulerAnglesHint.x
      value: 0
      objectReference: {fileID: 0}
    - target: {fileID: 8961676566121935400, guid: d34ed150f3e1643d0ad9fb4055f3e639,
        type: 3}
      propertyPath: m_LocalEulerAnglesHint.y
      value: 0
      objectReference: {fileID: 0}
    - target: {fileID: 8961676566121935400, guid: d34ed150f3e1643d0ad9fb4055f3e639,
        type: 3}
      propertyPath: m_LocalEulerAnglesHint.z
      value: 0
      objectReference: {fileID: 0}
    m_RemovedComponents: []
  m_SourcePrefab: {fileID: 100100000, guid: d34ed150f3e1643d0ad9fb4055f3e639, type: 3}
--- !u!4 &1049735296255894489 stripped
Transform:
  m_CorrespondingSourceObject: {fileID: 8961676566121935400, guid: d34ed150f3e1643d0ad9fb4055f3e639,
    type: 3}
  m_PrefabInstance: {fileID: 8272881530698093041}
  m_PrefabAsset: {fileID: 0}
